@book{geometry,
    title={Geometry},
    author={Michele Audin},
    year={2003},
    publisher={Springer-Verlag Berlin Heidelberg}
}